<?xml version="1.0" encoding="UTF-8"?>
<OAI-PMH xmlns="http://www.openarchives.org/OAI/2.0/" xmlns:xsi="http://www.w3.org/2001/XMLSchema-instance" xsi:schemaLocation="http://www.openarchives.org/OAI/2.0/ http://www.openarchives.org/OAI/2.0/OAI-PMH.xsd">
<ListRecords>
<record>
<header status="updated">
<identifier>urm_publish:71294827650002121</identifier>
</header>
<metadata>
<record xmlns="http://www.loc.gov/MARC21/slim" xmlns:xsi="http://www.w3.org/2001/XMLSchema-instance" xsi:schemaLocation="http://www.loc.gov/MARC21/slim http://www.loc.gov/standards/marcxml/schema/MARC21slim.xsd" ><leader>00949mam a22002775a 4500</leader><controlfield tag="005">20140417102527.0</controlfield><controlfield tag="008">930224t19921992xx a     b    000 0 eng d</controlfield><controlfield tag="001">999705489002121</controlfield><datafield tag="035" ind1=" " ind2=" "><subfield code="a">(OCoLC)27558965</subfield></datafield><datafield tag="035" ind1=" " ind2=" "><subfield code="9">AQY9371UW</subfield></datafield><datafield tag="035" ind1=" " ind2=" "><subfield code="a">(WU)2658522-uwmadisondb</subfield></datafield><datafield tag="040" ind1=" " ind2=" "><subfield code="a">GZM</subfield><subfield code="b">eng</subfield><subfield code="c">GZM</subfield></datafield><datafield tag="049" ind1=" " ind2=" "><subfield code="a">GZMH</subfield></datafield><datafield tag="098" ind1="1" ind2="1"><subfield code="a">AWB</subfield><subfield code="a">W877</subfield><subfield code="a">T465</subfield></datafield><datafield tag="100" ind1="1" ind2=" "><subfield code="a">Wood, Thomas</subfield><subfield code="q">(Thomas G.)</subfield><subfield code="2">LCNAMES</subfield><subfield code="0">41-LIBRARY_OF_CONGRESS-no 96028010</subfield><subfield code="9">Y</subfield></datafield><datafield tag="245" ind1="1" ind2="0"><subfield code="a">Concerto for violin in g minor, op. 26 by Max Bruch :</subfield><subfield code="b">a critical edition /</subfield><subfield code="c">by Thomas George Wood.</subfield></datafield><datafield tag="264" ind1=" " ind2="1"><subfield code="a">[Place of publication not identified] :</subfield><subfield code="b">[publisher not identified],</subfield><subfield code="c">[1992]</subfield></datafield><datafield tag="264" ind1=" " ind2="4"><subfield code="c">©1992</subfield></datafield><datafield tag="300" ind1=" " ind2=" "><subfield code="a">x, 269 leaves :</subfield><subfield code="b">music ;</subfield><subfield code="c">29 cm</subfield></datafield><datafield tag="336" ind1=" " ind2=" "><subfield code="a">text</subfield><subfield code="b">txt</subfield><subfield code="2">rdacontent</subfield></datafield><datafield tag="337" ind1=" " ind2=" "><subfield code="a">unmediated</subfield><subfield code="b">n</subfield><subfield code="2">rdamedia</subfield></datafield><datafield tag="338" ind1=" " ind2=" "><subfield code="a">volume</subfield><subfield code="b">nc</subfield><subfield code="2">rdacarrier</subfield></datafield><datafield tag="500" ind1=" " ind2=" "><subfield code="a">Typescript.</subfield></datafield><datafield tag="502" ind1=" " ind2=" "><subfield code="a">Thesis (Ph.D.)--University of Wisconsin--Madison, 1992.</subfield></datafield><datafield tag="504" ind1=" " ind2=" "><subfield code="a">Includes bibliographical references (leaves 102-104)</subfield></datafield><datafield tag="997" ind1=" " ind2=" "><subfield code="a">MARCIVE</subfield></datafield><datafield tag="INST" ind1=" " ind2=" "><subfield code="a">01UWI_NETWORK</subfield><subfield code="b">P</subfield><subfield code="c">71294827650002121</subfield></datafield><datafield tag="INST" ind1=" " ind2=" "><subfield code="a">01UWI_MAD</subfield><subfield code="b">P</subfield><subfield code="c">21567232410002122</subfield></datafield><datafield tag="AVA" ind1=" " ind2=" "><subfield code="0">9926585223602122</subfield><subfield code="8">22567232400002122</subfield><subfield code="a">01UWI_MAD</subfield><subfield code="b">MEMORIAL</subfield><subfield code="c">UW Madison Theses, Basement North</subfield><subfield code="d">AWB W877 T465</subfield><subfield code="e">unavailable</subfield><subfield code="f">1</subfield><subfield code="g">1</subfield><subfield code="j">thes</subfield><subfield code="k">8</subfield><subfield code="p">1</subfield><subfield code="q">Memorial Library</subfield></datafield><datafield tag="MMS" ind1=" " ind2=" "><subfield code="b">999705489002121</subfield><subfield code="a">01UWI_NETWORK</subfield></datafield><datafield tag="MMS" ind1=" " ind2=" "><subfield code="b">9926585223602122</subfield><subfield code="a">01UWI_MAD</subfield></datafield><datafield tag="690" ind1=" " ind2=" "><subfield code="a">Dissertations, Academic</subfield><subfield code="x">Violin Performance.</subfield><subfield code="9">LOCAL</subfield><subfield code="A">01UWI_MAD</subfield></datafield></record>
</metadata>
</record>
</ListRecords>
</OAI-PMH>